@article{QClightweight,
	author = {Claessen, Koen and Hughes, John},
	title = {QuickCheck: A Lightweight Tool for Random Testing of Haskell Programs},
	journal = {SIGPLAN Not.},
	issue_date = {April 2011},
	volume = {46},
	number = {4},
	month = may,
	year = {2011},
	issn = {0362-1340},
	pages = {53--64},
	numpages = {12},
	url = {http://doi.acm.org/10.1145/1988042.1988046},
	doi = {10.1145/1988042.1988046},
	acmid = {1988046},
	publisher = {ACM},
	address = {New York, NY, USA},
} 

@inproceedings{QCFunProfit,
	author = {Hughes, John},
	title = {QuickCheck Testing for Fun and Profit},
	booktitle = {Proceedings of the 9th International Conference on Practical Aspects of Declarative Languages},
	series = {PADL'07},
	year = {2007},
	isbn = {3-540-69608-3, 978-3-540-69608-7},
	location = {Nice, France},
	pages = {1--32},
	numpages = {32},
	url = {http://dx.doi.org/10.1007/978-3-540-69611-7_1},
	doi = {10.1007/978-3-540-69611-7_1},
	acmid = {2174021},
	publisher = {Springer-Verlag},
	address = {Berlin, Heidelberg},
} 

@online{WhileyLang,
	author = {Pearce, David},
	title = {The {W}hiley {L}anguage
	{S}pecification},
	year = {2014},
	url = {http://whiley.org/download/WhileyLanguageSpec.pdf},
	urldate = {2018-04-09}
}
